<?xml version="1.0" encoding="UTF-8"?><collection xmlns="http://www.loc.gov/MARC21/slim"><record><leader>00464nam--2200169-i-4500</leader><controlfield tag="001">000038978</controlfield><controlfield tag="002">20161230</controlfield><controlfield tag="005">20161230201042</controlfield><controlfield tag="008">060222s1000------------r-----000-0-eng-d</controlfield><datafield ind1=" " ind2=" " tag="040"><subfield code="a">IFIN-HH</subfield></datafield><datafield ind1=" " ind2=" " tag="080"><subfield code="a">534.8</subfield></datafield><datafield ind1="1" ind2=" " tag="100"><subfield code="a">Richardson,E.G</subfield></datafield><datafield ind1="1" ind2="0" tag="245"><subfield code="a">Technical aspects of sound</subfield></datafield><datafield ind1=" " ind2=" " tag="260"><subfield code="a">NEW YORK</subfield><subfield code="b">Elsevier Publishing Company</subfield></datafield><datafield ind1="1" ind2=" " tag="787"><subfield code="a">Vol. 1</subfield><subfield code="d">Xviii + 544 P</subfield><subfield code="h">1953</subfield><subfield code="t">Sonic Range And Airborne Sound</subfield></datafield><datafield ind1=" " ind2=" " tag="852"><subfield code="a">11113</subfield><subfield code="c">534</subfield></datafield><datafield ind1=" " ind2=" " tag="CAT"><subfield code="a">Sys</subfield><subfield code="c">20101006</subfield><subfield code="h">134148</subfield></datafield></record></collection>